% This file was created with JabRef 2.10.
% Encoding: UTF-8


@InProceedings{snowball,
  Title                    = {Snowball: Extracting relations from large plain-text collections},
  Author                   = {Agichtein, Eugene and Gravano, Luis},
  Booktitle                = {Proceedings of the fifth ACM conference on Digital libraries},
  Year                     = {2000},
  Organization             = {ACM},
  Pages                    = {85--94}
}

@InProceedings{freebaseKnowledge,
  Title                    = {Freebase: a collaboratively created graph database for structuring human knowledge},
  Author                   = {Bollacker, Kurt and Evans, Colin and Paritosh, Praveen and Sturge, Tim and Taylor, Jamie},
  Booktitle                = {Proceedings of the 2008 ACM SIGMOD international conference on Management of data},
  Year                     = {2008},
  Organization             = {AcM},
  Pages                    = {1247--1250}
}

@InProceedings{learningExtraction,
  Title                    = {Learning to extract relations from the web using minimal supervision},
  Author                   = {Bunescu, Razvan and Mooney, Raymond},
  Booktitle                = {ACL},
  Year                     = {2007},
  Pages                    = {614--621}
}

@MastersThesis{chen2015convolutional,
  Title                    = {Convolutional neural network for sentence classification},
  Author                   = {Chen, Yahui},
  School                   = {University of Waterloo},
  Year                     = {2015}
}

@InProceedings{ACE,
  Title                    = {The Automatic Content Extraction (ACE) Program-Tasks, Data, and Evaluation.},
  Author                   = {Doddington, George R and Mitchell, Alexis and Przybocki, Mark A and Ramshaw, Lance A and Strassel, Stephanie and Weischedel, Ralph M},
  Booktitle                = {LREC},
  Year                     = {2004},
  Pages                    = {837--840},
  Volume                   = {2}
}

@Article{unsupervisedEntity,
  Title                    = {Unsupervised named-entity extraction from the web: An experimental study},
  Author                   = {Etzioni, Oren and Cafarella, Michael and Downey, Doug and Popescu, Ana-Maria and Shaked, Tal and Soderland, Stephen and Weld, Daniel S and Yates, Alexander},
  Journal                  = {Artificial intelligence},
  Year                     = {2005},
  Number                   = {1},
  Pages                    = {91--134},
  Volume                   = {165},

  Publisher                = {Elsevier}
}

@InProceedings{nonlocalExtraction,
  Title                    = {Incorporating non-local information into information extraction systems by gibbs sampling},
  Author                   = {Finkel, Jenny Rose and Grenager, Trond and Manning, Christopher},
  Booktitle                = {Proceedings of the 43rd annual meeting on association for computational linguistics},
  Year                     = {2005},
  Organization             = {Association for Computational Linguistics},
  Pages                    = {363--370}
}

@InProceedings{learningPartWhole,
  Title                    = {Learning semantic constraints for the automatic discovery of part-whole relations},
  Author                   = {Girju, Roxana and Badulescu, Adriana and Moldovan, Dan},
  Booktitle                = {Proceedings of the 2003 Conference of the North American Chapter of the Association for Computational Linguistics on Human Language Technology-Volume 1},
  Year                     = {2003},
  Organization             = {Association for Computational Linguistics},
  Pages                    = {1--8}
}

@InProceedings{exploringVarious,
  Title                    = {Exploring various knowledge in relation extraction},
  Author                   = {GuoDong, Zhou and Jian, Su and Jie, Zhang and Min, Zhang},
  Booktitle                = {Proceedings of the 43rd annual meeting on association for computational linguistics},
  Year                     = {2005},
  Organization             = {Association for Computational Linguistics},
  Pages                    = {427--434}
}

@InProceedings{combining,
  Title                    = {Combining lexical, syntactic, and semantic features with maximum entropy models for extracting relations},
  Author                   = {Kambhatla, Nanda},
  Booktitle                = {Proceedings of the ACL 2004 on Interactive poster and demonstration sessions},
  Year                     = {2004},
  Organization             = {Association for Computational Linguistics},
  Pages                    = {22}
}

@InProceedings{krizhevsky2012imagenet,
  Title                    = {Imagenet classification with deep convolutional neural networks},
  Author                   = {Krizhevsky, Alex and Sutskever, Ilya and Hinton, Geoffrey E},
  Booktitle                = {Advances in neural information processing systems},
  Year                     = {2012},
  Pages                    = {1097--1105}
}

@InProceedings{kusner2015word,
  Title                    = {From word embeddings to document distances},
  Author                   = {Kusner, Matt and Sun, Yu and Kolkin, Nicholas and Weinberger, Kilian},
  Booktitle                = {International Conference on Machine Learning},
  Year                     = {2015},
  Pages                    = {957--966}
}

@InProceedings{mikolov2013distributed,
  Title                    = {Distributed representations of words and phrases and their compositionality},
  Author                   = {Mikolov, Tomas and Sutskever, Ilya and Chen, Kai and Corrado, Greg S and Dean, Jeff},
  Booktitle                = {Advances in neural information processing systems},
  Year                     = {2013},
  Pages                    = {3111--3119}
}

@InProceedings{supervisedDistant,
  Title                    = {Distant supervision for relation extraction without labeled data},
  Author                   = {Mintz, Mike and Bills, Steven and Snow, Rion and Jurafsky, Dan},
  Booktitle                = {Proceedings of the Joint Conference of the 47th Annual Meeting of the ACL and the 4th International Joint Conference on Natural Language Processing of the AFNLP: Volume 2-Volume 2},
  Year                     = {2009},
  Organization             = {Association for Computational Linguistics},
  Pages                    = {1003--1011}
}

@Article{pagliardini2017unsupervised,
  Title                    = {Unsupervised learning of sentence embeddings using compositional n-gram features},
  Author                   = {Pagliardini, Matteo and Gupta, Prakhar and Jaggi, Martin},
  Journal                  = {arXiv preprint arXiv:1703.02507},
  Year                     = {2017}
}

@Article{palangi2016deep,
  Title                    = {Deep sentence embedding using long short-term memory networks: Analysis and application to information retrieval},
  Author                   = {Palangi, Hamid and Deng, Li and Shen, Yelong and Gao, Jianfeng and He, Xiaodong and Chen, Jianshu and Song, Xinying and Ward, Rabab},
  Journal                  = {IEEE/ACM Transactions on Audio, Speech and Language Processing (TASLP)},
  Year                     = {2016},
  Number                   = {4},
  Pages                    = {694--707},
  Volume                   = {24},

  Publisher                = {IEEE Press}
}

@InProceedings{espressoExtraction,
  Title                    = {Espresso: Leveraging generic patterns for automatically harvesting semantic relations},
  Author                   = {Pantel, Patrick and Pennacchiotti, Marco},
  Booktitle                = {Proceedings of the 21st International Conference on Computational Linguistics and the 44th annual meeting of the Association for Computational Linguistics},
  Year                     = {2006},
  Organization             = {Association for Computational Linguistics},
  Pages                    = {113--120}
}

@Article{selfsupervisedExtraction,
  Title                    = {Self-supervised relation extraction from the web},
  Author                   = {Rozenfeld, Benjamin and Feldman, Ronen},
  Journal                  = {Knowledge and Information Systems},
  Year                     = {2008},
  Number                   = {1},
  Pages                    = {17--33},
  Volume                   = {17},

  Publisher                = {Springer}
}

@InProceedings{sabour2017dynamic,
  Title                    = {Dynamic routing between capsules},
  Author                   = {Sabour, Sara and Frosst, Nicholas and Hinton, Geoffrey E},
  Booktitle                = {Advances in Neural Information Processing Systems},
  Year                     = {2017},
  Pages                    = {3859--3869}
}

@Article{springenberg2014striving,
  Title                    = {Striving for simplicity: The all convolutional net},
  Author                   = {Springenberg, Jost Tobias and Dosovitskiy, Alexey and Brox, Thomas and Riedmiller, Martin},
  Journal                  = {arXiv preprint arXiv:1412.6806},
  Year                     = {2014}
}

@InProceedings{robustPerceptron,
  Title                    = {Robust information extraction with perceptrons},
  Author                   = {Surdeanu, Mihai and Ciaramita, Massimiliano},
  Booktitle                = {Proceedings of the NIST 2007 Automatic Content Extraction Workshop (ACE07)},
  Year                     = {2007}
}

@InProceedings{treeKernel,
  Title                    = {Tree kernel-based relation extraction with context-sensitive structured parse tree information},
  Author                   = {Zhou, Guodong and Zhang, Min and Ji, DongHong and Zhu, QiaoMing},
  Booktitle                = {Proceedings of the 2007 Joint Conference on Empirical Methods in Natural Language Processing and Computational Natural Language Learning (EMNLP-CoNLL)},
  Year                     = {2007}
}

